@article{tolwinski2011documentation,
title={Documentation for the VS-Lite Model, version 2.2},
author={Tolwinski-Ward, SE},
year={2011}
}
@incollection{mann1999oscillatory,
title={Oscillatory spatiotemporal signal detection in climate studies: A multiple-taper spectral domain approach},
author={Mann, Michael E and Park, Jeffrey},
booktitle={Advances in geophysics},
volume={41},
pages={1--131},
year={1999},
publisher={Elsevier}
}
@article{ault2011continuum,
title={The continuum of drought in western North America},
author={Ault, Toby R},
year={2011},
publisher={The University of Arizona.}
}
@article{cook1995segment,
title={The'segment length curse'in long tree-ring chronology development for palaeoclimatic studies},
author={Cook, Edward R and Briffa, Keith R and Meko, David M and Graybill, Donald A and Funkhouser, Gary},
journal={The Holocene},
volume={5},
number={2},
pages={229--237},
year={1995},
publisher={Sage Publications Sage CA: Thousand Oaks, CA}
}
@article{mann1998study,
title={A study of ocean-atmosphere interaction and low-frequency variability of the climate system},
author={Mann, Michael Evan},
year={1998}
}
